<record><leader>01222cam a2200337 a 4500</leader><controlfield tag="001">1304336</controlfield><controlfield tag="008">900727s1985    stka     b      1 0 eng d</controlfield><datafield ind1=" " ind2=" " tag="010"><subfield code="a">   86205128 //r89</subfield></datafield><datafield ind1=" " ind2=" " tag="020"><subfield code="a">0080324274</subfield></datafield><datafield ind1=" " ind2=" " tag="035"><subfield code="a">ocm15551083</subfield></datafield><datafield ind1=" " ind2=" " tag="040"><subfield code="b">eng</subfield><subfield code="d">OCoLC</subfield></datafield><datafield ind1=" " ind2=" " tag="043"><subfield code="a">e-uk-st</subfield></datafield><datafield ind1=" " ind2=" " tag="049"><subfield code="a">AEU</subfield><subfield code="b">eng</subfield></datafield><datafield ind1="0" ind2="0" tag="050"><subfield code="a">RG964.G72</subfield><subfield code="b">S34 1985</subfield></datafield><datafield ind1="0" ind2=" " tag="082"><subfield code="a">362.1/9824/0941235</subfield><subfield code="2">19</subfield></datafield><datafield ind1="0" ind2=" " tag="090"><subfield code="a">RG 964 G72 S34 H17 1985</subfield></datafield><datafield ind1="1" ind2=" " tag="100"><subfield code="a">Hall, Marion.</subfield></datafield><datafield ind1="1" ind2="0" tag="245"><subfield code="a">Antenatal care assessed :</subfield><subfield code="b">a case study of an innovation in Aberdeen /</subfield><subfield code="c">Marion Hall, Sally Macintyre, Maureen Porter ; foreword by Ian MacGillivray.</subfield></datafield><datafield ind1=" " ind2=" " tag="260"><subfield code="a">[Aberdeen] :</subfield><subfield code="b">Aberdeen University Press,</subfield><subfield code="c">1985.</subfield></datafield><datafield ind1=" " ind2=" " tag="300"><subfield code="a">xiii, 139 p. :</subfield><subfield code="b">ill. ;</subfield><subfield code="c">26 cm.</subfield></datafield><datafield ind1=" " ind2=" " tag="336"><subfield code="a">text</subfield><subfield code="b">txt</subfield><subfield code="2">rdacontent</subfield></datafield><datafield ind1=" " ind2=" " tag="337"><subfield code="a">unmediated</subfield><subfield code="b">n</subfield><subfield code="2">rdamedia</subfield></datafield><datafield ind1=" " ind2=" " tag="338"><subfield code="a">volume</subfield><subfield code="b">nc</subfield><subfield code="2">rdacarrier</subfield></datafield><datafield ind1=" " ind2=" " tag="500"><subfield code="a">Includes indexes.</subfield></datafield><datafield ind1=" " ind2=" " tag="504"><subfield code="a">Bibliography: p. 125-131.</subfield></datafield><datafield ind1=" " ind2=" " tag="596"><subfield code="a">42</subfield></datafield><datafield ind1=" " ind2="0" tag="650"><subfield code="a">Prenatal care</subfield><subfield code="z">Scotland</subfield><subfield code="z">Aberdeen, Scotland.</subfield></datafield><datafield ind1=" " ind2="0" tag="650"><subfield code="a">Prenatal care</subfield><subfield code="z">Scotland</subfield><subfield code="z">Aberdeen, Scotland</subfield><subfield code="x">History</subfield><subfield code="y">20th century.</subfield></datafield><datafield ind1="1" ind2=" " tag="700"><subfield code="a">Macintyre, Sally.</subfield></datafield><datafield ind1="1" ind2=" " tag="700"><subfield code="a">Porter, Maureen.</subfield></datafield><datafield ind1=" " ind2=" " tag="926"><subfield code="a">RG 964 G72 S34 H17 1985</subfield><subfield code="w">LC</subfield><subfield code="c">1</subfield><subfield code="i">000033475419</subfield><subfield code="l">ON_SHELF</subfield><subfield code="m">UAHLTHSC</subfield><subfield code="p">$150.00</subfield><subfield code="r">Y</subfield><subfield code="s">Y</subfield><subfield code="t">BOOK</subfield><subfield code="u">8/16/1990</subfield></datafield></record>